
@book{MT,
    author = {Alain Miranville AND Roger Temam} ,
    title = {Mathematical Modeling in Continuum Mechanics},
    year = {2005}
}

@book{Lannes,
    author = {David Lannes} ,
    title = {The water waves problem: mathematical analysis
and asymptotics},
    year = {2013}
}

@book{Garnier,
    author = {Pierre Garnier} ,
    title = {[Thèse] Amortissement et phénomènes extrêmes en hydrodynamique},
    year = {2016}
}

@book{Perrin,
    author = {Charlotte Perrin} ,
    title = {An introduction to Shallow Water Equations},
    year = {2021}
}